@Article{Ogunyomi2018,
    author="Ogunyomi, Babajide
    and Rose, Louis M.
    and Kolovos, Dimitrios S.",
    title="Incremental execution of model-to-text transformations using property access traces",
    journal="Software {\&} Systems Modeling",
    year="2018",
    month="Mar",
    day="28",
    abstract="Automatic generation of textual artefacts (including code, documentation, configuration files, build scripts, etc.) from models in a software development process through the application of model-to-text (M2T) transformation is a common MDE activity. Despite the importance of M2T transformation, contemporary M2T languages lack support for developing transformations that scale with the size of the input model. As MDE is applied to systems of increasing size and complexity, a lack of scalability in M2T transformation languages hinders industrial adoption. In this paper, we propose a form of runtime analysis that can be used to identify the impact of source model changes on generated textual artefacts. The structures produced by this runtime analysis, property access traces, can be used to perform efficient source-incremental transformation: our experiments show an average reduction of 60{\%} in transformation execution time compared to non-incremental (batch) transformation.",
    issn="1619-1374",
    doi="10.1007/s10270-018-0666-5",
    url="https://doi.org/10.1007/s10270-018-0666-5"
}



@book{steinberg2008emf,
    title={EMF: Eclipse Modeling Framework},
    author={Steinberg, D. and Budinsky, F. and Merks, E. and Paternostro, M.},
    isbn={9780132702218},
    series={Eclipse Series},
    url={https://books.google.co.uk/books?id=sA0zOZuDXhgC},
    year={2008},
    publisher={Pearson Education}
}

@misc{atlanmod2018persistentResource,
    author={Atlanmod},
    title = {Interface {PersistentResource}},
    howpublished = {\url{http://www.atlanmod.org/NeoEMF/releases/1.0.2/doc/fr/inria/atlanmod/neoemf/resource/PersistentResource.html}},
    note = {Accessed: 2018-04-20}
}

@misc{eclipse2018resourceImpl,
    author={Eclipse},
    title = {Class {ResourceImpl}},
    howpublished = {\url{http://download.eclipse.org/modeling/emf/emf/javadoc/2.11/org/eclipse/emf/ecore/resource/impl/ResourceImpl.html}},
    note = {Accessed: 2018-04-20}
}

@misc{eclipse2018eContentAdapter,
    author={Eclipse},
    title = {Class {EContentAdapater}},
    howpublished = {\url{http://download.eclipse.org/modeling/emf/emf/javadoc/2.11/org/eclipse/emf/ecore/util/EContentAdapter.html}},
    note = {Accessed: 2018-04-20}
}

@misc{eclipse2018modiscoxml,
    author={Eclipse},
    title = {{XML Metamodel}},
    howpublished = {\url{http://help.eclipse.org/neon/index.jsp?topic=\%2Forg.eclipse.modisco.xml.doc\%2Fmediawiki\%2Fxml_metamodel\%2Fuser.html}},
    note = {Accessed: 2018-02-19}
}

@misc{eclipse2018epsilongit,
    author={Eclipse},
    title = {{Epsilon Git}},
    howpublished = {\url{http://git.eclipse.org/c/epsilon/org.eclipse.epsilon.git/commit/?id=ebd0991c279a1f0df1acb529367d2ace5254fe87}},
    note = {Accessed: 2018-02-19}
}

@misc{eclipse2017epsilon,
    author={Eclipse},
    title = {{Epsilon}},
    howpublished = {\url{https://www.eclipse.org/epsilon/}},
    note = {Accessed: 2018-02-12}
}

@misc{eclipse2017compare,
    author={Eclipse},
    title = {{EMF Compare}},
    howpublished = {\url{https://www.eclipse.org/emf/compare/}},
    note = {Accessed: 2018-01-15}
}

@misc{eclipse2017uml2,
    author={Eclipse},
    title = {{MDT/UML2}},
    howpublished = {\url{http://wiki.eclipse.org/MDT/UML2}},
    note = {Accessed: 2018-01-15}
}

@misc{eclipse2018bpmn2git,
    author={Eclipse},
    title = {{BPMN2 Git}},
    howpublished = {\url{http://git.eclipse.org/c/bpmn2/org.eclipse.bpmn2.git/diff/?id=d93667e7418b98acd39def9ed4c2a94501e38997}},
    note = {Accessed: 2018-02-19}
}

@misc{eclipse2017bpmn2,
    author={Eclipse},
    title = {{MDT/BPMN2}},
    howpublished = {\url{http://wiki.eclipse.org/MDT/BPMN2}},
    note = {Accessed: 2018-01-15}
}

@article{welch1947ttest,
    ISSN = {00063444},
    URL = {http://www.jstor.org/stable/2332510},
    author = {B. L. Welch},
    journal = {Biometrika},
    number = {1/2},
    pages = {28-35},
    publisher = {[Oxford University Press, Biometrika Trust]},
    title = {The Generalization of `Student's' Problem when Several Different Population Variances are Involved},
    volume = {34},
    year = {1947}
}

@misc{wikipedia2018us,
    author={Wikipedia},
    title = {{United States}},
    howpublished = {\url{https://en.wikipedia.org/w/index.php?title=United_States&oldid=45118452}},
    note = {Accessed: 2018-02-19}
}

@misc{omg2018mof,
    author={OMG},
    title = {{Metaobject Facility}},
    howpublished = {\url{http://www.omg.org/mof}},
    note = {Accessed: 2018-02-21}
}

@misc{omg2018xmi,
    author={OMG},
    title = {{About the XML Metadata Interchange Specification Version 2.5.1}},
    howpublished = {\url{http://www.omg.org/spec/XMI}},
    note = {Accessed: 2018-02-21}
}

@article{DBLP:journals/infsof/BruneliereCDM14,
    author    = {Hugo Bruneli{\`{e}}re and
    Jordi Cabot and
    Gr{\'{e}}goire Dup{\'{e}} and
    Fr{\'{e}}d{\'{e}}ric Madiot},
    title     = {MoDisco: {A} model driven reverse engineering framework},
    journal   = {Information {\&} Software Technology},
    volume    = {56},
    number    = {8},
    pages     = {1012--1032},
    year      = {2014},
    url       = {https://doi.org/10.1016/j.infsof.2014.04.007},
    doi       = {10.1016/j.infsof.2014.04.007},
    timestamp = {Tue, 06 Jun 2017 22:17:08 +0200},
    biburl    = {http://dblp.org/rec/bib/journals/infsof/BruneliereCDM14},
    bibsource = {dblp computer science bibliography, http://dblp.org}
}

@misc{eclipse2017teneo,
    author={Eclipse},
    title = {{Teneo}},
    howpublished = {\url{http://wiki.eclipse.org/Teneo}},
    note = {Accessed: 2017-10-15}
}

@misc{eclipse2017cdo,
    author={Eclipse},
    title = {{CDO The Model Repository}},
    howpublished = {\url{https://www.eclipse.org/cdo/}},
    note = {Accessed: 2017-10-15}
}

@article{barmpis2014evaluation,
    author    = {Konstantinos Barmpis and
    Dimitrios S. Kolovos},
    title     = {Evaluation of Contemporary Graph Databases for Efficient Persistence
    of Large-Scale Models},
    journal   = {Journal of Object Technology},
    volume    = {13},
    number    = {3},
    pages     = {3: 1--26},
    year      = {2014},
    url       = {https://doi.org/10.5381/jot.2014.13.3.a3},
    doi       = {10.5381/jot.2014.13.3.a3},
    timestamp = {Tue, 06 Jun 2017 22:27:11 +0200},
    biburl    = {http://dblp.org/rec/bib/journals/jot/BarmpisK14},
    bibsource = {dblp computer science bibliography, http://dblp.org}
}

@article{daniel2016neoemf,
    title = "NeoEMF: A multi-database model persistence framework for very large models",
    journal = "Science of Computer Programming",
    volume = "149",
    pages = "9 - 14",
    year = "2017",
    note = "Special Issue on MODELS'16",
    issn = "0167-6423",
    doi = "https://doi.org/10.1016/j.scico.2017.08.002",
    url = "http://www.sciencedirect.com/science/article/pii/S0167642317301600",
    author = "Gwendal Daniel and Gerson Sunyé and Amine Benelallam and Massimo Tisi and Yoann Vernageau and Abel Gómez and Jordi Cabot",
    keywords = "Model persistence, Scalability, Large models"
}

@inproceedings{DBLP:conf/models/Espinazo-PaganCM11,
    author    = {Javier Espinazo{-}Pag{\'{a}}n and
    Jes{\'{u}}s S{\'{a}}nchez Cuadrado and
    Jes{\'{u}}s Garc{\'{\i}}a Molina},
    title     = {Morsa: {A} Scalable Approach for Persisting and Accessing Large Models},
    booktitle = {Model Driven Engineering Languages and Systems, 14th International
    Conference, {MODELS} 2011, Wellington, New Zealand, October 16-21,
    2011. Proceedings},
    pages     = {77--92},
    year      = {2011},
    url       = {https://doi.org/10.1007/978-3-642-24485-8_7},
    doi       = {10.1007/978-3-642-24485-8_7},
    timestamp = {Sun, 04 Jun 2017 10:10:33 +0200},
    biburl    = {https://dblp.org/rec/bib/conf/models/Espinazo-PaganCM11},
    bibsource = {dblp computer science bibliography, https://dblp.org}
}

@inproceedings{DBLP:conf/models/YohannisKP17,
    author    = {Alfa Yohannis and
    Dimitris S. Kolovos and
    Fiona Polack},
    title     = {Turning Models Inside Out},
    booktitle = {Proceedings of {MODELS} 2017 Satellite Event: Workshops (ModComp,
    ME, EXE, COMMitMDE, MRT, MULTI, GEMOC, MoDeVVa, MDETools, FlexMDE,
    MDEbug), Posters, Doctoral Symposium, Educator Symposium, {ACM} Student
    Research Competition, and Tools and Demonstrations co-located with
    {ACM/IEEE} 20th International Conference on Model Driven Engineering
    Languages and Systems {(MODELS} 2017), Austin, TX, USA, September,
    17, 2017.},
    pages     = {430--434},
    year      = {2017},
    url       = {http://ceur-ws.org/Vol-2019/flexmde_8.pdf},
    timestamp = {Tue, 19 Dec 2017 19:54:07 +0100},
    biburl    = {https://dblp.org/rec/bib/conf/models/YohannisKP17},
    bibsource = {dblp computer science bibliography, https://dblp.org}
}

@article{DBLP:journals/entcs/RobbesL07,
    author    = {Romain Robbes and
    Michele Lanza},
    title     = {A Change-based Approach to Software Evolution},
    journal   = {Electr. Notes Theor. Comput. Sci.},
    volume    = {166},
    pages     = {93--109},
    year      = {2007},
    url       = {https://doi.org/10.1016/j.entcs.2006.06.015},
    doi       = {10.1016/j.entcs.2006.06.015},
    timestamp = {Mon, 05 Jun 2017 20:49:19 +0200},
    biburl    = {http://dblp.org/rec/bib/journals/entcs/RobbesL07},
    bibsource = {dblp computer science bibliography, http://dblp.org}
}

@inproceedings{DBLP:conf/edoc/KoegelHLHD10,
    author    = {Maximilian Koegel and
    Markus Herrmannsdoerfer and
    Yang Li and
    Jonas Helming and
    J{\"{o}}rn David},
    title     = {Comparing State- and Operation-Based Change Tracking on Models},
    booktitle = {Proceedings of the 14th {IEEE} International Enterprise Distributed
    Object Computing Conference, {EDOC} 2010, Vit{\'{o}}ria, Brazil,
    25-29 October 2010},
    pages     = {163--172},
    year      = {2010},
    url       = {https://doi.org/10.1109/EDOC.2010.15},
    doi       = {10.1109/EDOC.2010.15},
    timestamp = {Wed, 17 May 2017 10:54:26 +0200},
    biburl    = {http://dblp.org/rec/bib/conf/edoc/KoegelHLHD10},
    bibsource = {dblp computer science bibliography, http://dblp.org}
}

@article{mens2002state,
    author    = {Tom Mens},
    title     = {A State-of-the-Art Survey on Software Merging},
    journal   = {{IEEE} Trans. Software Eng.},
    volume    = {28},
    number    = {5},
    pages     = {449--462},
    year      = {2002},
    url       = {https://doi.org/10.1109/TSE.2002.1000449},
    doi       = {10.1109/TSE.2002.1000449},
    timestamp = {Fri, 09 Jun 2017 11:03:35 +0200},
    biburl    = {http://dblp.org/rec/bib/journals/tse/Mens02},
    bibsource = {dblp computer science bibliography, http://dblp.org}
}

@inproceedings{DBLP:conf/sde/LippeO92,
    author    = {Ernst Lippe and
    Norbert van Oosterom},
    title     = {Operation-based merging},
    booktitle = {{SDE} 5: 5th {ACM} {SIGSOFT} Symposium on Software Development Environments,
    Washington, DC, USA, December 9-11, 1992},
    pages     = {78--87},
    year      = {1992},
    url       = {http://doi.acm.org/10.1145/142868.143753},
    doi       = {10.1145/142868.143753},
    timestamp = {Tue, 22 May 2012 16:47:42 +0200},
    biburl    = {http://dblp.org/rec/bib/conf/sde/LippeO92},
    bibsource = {dblp computer science bibliography, http://dblp.org}
}

@inproceedings{DBLP:conf/caise/IgnatN05,
    author    = {Claudia{-}Lavinia Ignat and
    Moira C. Norrie},
    title     = {Operation-based Merging of Hierarchical Documents},
    booktitle = {The 17th Conference on Advanced Information Systems Engineering (CAiSE
    '05), Porto, Portugal, 13-17 June, 2005, CAiSE Forum, Short Paper
    Proceedings},
    year      = {2005},
    url       = {http://ceur-ws.org/Vol-161/FORUM_17.pdf},
    timestamp = {Thu, 23 Jun 2016 15:53:29 +0200},
    biburl    = {http://dblp.org/rec/bib/conf/caise/IgnatN05},
    bibsource = {dblp computer science bibliography, http://dblp.org}
}

@inproceedings{koegel2010emfstore,
    author    = {Maximilian Koegel and
    Jonas Helming},
    title     = {EMFStore: a model repository for {EMF} models},
    booktitle = {Proceedings of the 32nd {ACM/IEEE} International Conference on Software
    Engineering - Volume 2, {ICSE} 2010, Cape Town, South Africa, 1-8
    May 2010},
    pages     = {307--308},
    year      = {2010},
    url       = {http://doi.acm.org/10.1145/1810295.1810364},
    doi       = {10.1145/1810295.1810364},
    timestamp = {Mon, 15 Jun 2015 19:00:08 +0200},
    biburl    = {http://dblp.org/rec/bib/conf/icse/KoegelH10},
    bibsource = {dblp computer science bibliography, http://dblp.org}
}

@inproceedings{DBLP:conf/ecmdafa/RathHV12,
    author    = {Istv{\'{a}}n R{\'{a}}th and
    {\'{A}}bel Heged{\"{u}}s and
    D{\'{a}}niel Varr{\'{o}}},
    title     = {Derived Features for {EMF} by Integrating Advanced Model Queries},
    booktitle = {Modelling Foundations and Applications - 8th European Conference,
    {ECMFA} 2012, Kgs. Lyngby, Denmark, July 2-5, 2012. Proceedings},
    pages     = {102--117},
    year      = {2012},
    url       = {https://doi.org/10.1007/978-3-642-31491-9_10},
    doi       = {10.1007/978-3-642-31491-9_10},
    timestamp = {Fri, 02 Jun 2017 20:48:25 +0200},
    biburl    = {https://dblp.org/rec/bib/conf/ecmdafa/RathHV12},
    bibsource = {dblp computer science bibliography, https://dblp.org}
}

@inproceedings{DBLP:conf/ecmdafa/OgunyomiRK15,
    author    = {Babajide Ogunyomi and
    Louis M. Rose and
    Dimitrios S. Kolovos},
    title     = {Property Access Traces for Source Incremental Model-to-Text Transformation},
    booktitle = {Modelling Foundations and Applications - 11th European Conference,
    {ECMFA} 2015, Held as Part of {STAF} 2015, L'Aquila, Italy, July 20-24,
    2015. Proceedings},
    pages     = {187--202},
    year      = {2015},
    url       = {https://doi.org/10.1007/978-3-319-21151-0_13},
    doi       = {10.1007/978-3-319-21151-0_13},
    timestamp = {Mon, 22 May 2017 17:11:10 +0200},
    biburl    = {https://dblp.org/rec/bib/conf/ecmdafa/OgunyomiRK15},
    bibsource = {dblp computer science bibliography, https://dblp.org}
}

@inproceedings{yohannis2018towards,
    author    = {Alfa Yohannis and Horacio Hoyos Rodriguez and Fiona Polack and Dimitris Kolovos},
    title     = {Towards Efficient Loading of Change-Based Models},
    booktitle = {Modelling Foundations and Applications - 14th European Conference,
    {ECMFA} 2018, Held as Part of {STAF} 2018, Toulouse, France, June 25-29,
    2018. Proceedings},
    year      = {2018 (to be presented \url{http://eventmall.info/ecmfa2018/program})},
    url       = {https://goo.gl/5H5oBN}, 
    note      = {Accessed: 2018-04-19}
}

@inproceedings{Kolovos:2009:DMM:1564596.1564641,
    author = {Kolovos, Dimitrios S. and Di Ruscio, Davide and Pierantonio, Alfonso and Paige, Richard F.},
    title = {Different Models for Model Matching: An Analysis of Approaches to Support Model Differencing},
    booktitle = {Proceedings of the 2009 ICSE Workshop on Comparison and Versioning of Software Models},
    series = {CVSM '09},
    year = {2009},
    isbn = {978-1-4244-3714-6},
    pages = {1--6},
    numpages = {6},
    url = {http://dx.doi.org/10.1109/CVSM.2009.5071714},
    doi = {10.1109/CVSM.2009.5071714},
    acmid = {1564641},
    publisher = {IEEE Computer Society},
    address = {Washington, DC, USA},
} 

@inproceedings{Bergmann:2011:IEM:2190078.2190132,
    author = {Bergmann, Gabor and Hegedus, Abel and Horvath, Akos and Rath, Istvan and Ujhelyi, Zoltan and Varro, Daniel},
    title = {Implementing Efficient Model Validation in EMF Tools},
    booktitle = {Proceedings of the 2011 26th IEEE/ACM International Conference on Automated Software Engineering},
    series = {ASE '11},
    year = {2011},
    isbn = {978-1-4577-1638-6},
    pages = {580--583},
    numpages = {4},
    url = {http://dx.doi.org/10.1109/ASE.2011.6100130},
    doi = {10.1109/ASE.2011.6100130},
    acmid = {2190132},
    publisher = {IEEE Computer Society},
    address = {Washington, DC, USA},
} 

@inbook{doi:10.1002/9780470479216.corpsy0524,
    author = {Patrick E. McKnight and Julius Najab},
    publisher = {American Cancer Society},
    isbn = {9780470479216},
    title = {Mann‐Whitney U Test},
    booktitle = {The Corsini Encyclopedia of Psychology},
    chapter = {},
    pages = {1-1},
    doi = {10.1002/9780470479216.corpsy0524},
    url = {https://onlinelibrary.wiley.com/doi/abs/10.1002/9780470479216.corpsy0524},
    eprint = {https://onlinelibrary.wiley.com/doi/pdf/10.1002/9780470479216.corpsy0524},
    year = {2010},
    keywords = {t‐test, nonparametric, ranks}
}


@inproceedings{yohannis2018hybrid, 
    author    = {Alfa Yohannis and Horacio Hoyos Rodriguez and Fiona Polack and Dimitris Kolovos},
    booktitle={2018 33nd IEEE/ACM International Conference on Automated Software Engineering (ASE)}, 
    title={Towards Hybrid Model Persistence}, 
    year={2018 (under review)}, 
    volume={}, 
    number={}, 
    pages={}, 
    keywords={}, 
    doi={}, 
    ISSN={}, 
    month={September}
}